%plsadef1
@article{deerwester1990indexing,
  title={Indexing by latent semantic analysis},
  author={Deerwester, Scott and Dumais, Susan T and Furnas, George W and Landauer, Thomas K and Harshman, Richard},
  journal={Journal of the American society for information science},
  volume={41},
  number={6},
  pages={391},
  year={1990},
  publisher={American Documentation Institute},
  doi={10.1002/(SICI)1097-4571(199009)41:6<391::AID-ASI1>3.0.CO;2-9}
}

%plsadef2
@inproceedings{hofmann1999probabilistic,
  title={Probabilistic latent semantic indexing},
  author={Hofmann, Thomas},
  booktitle={Proceedings of the 22nd annual international ACM SIGIR conference on Research and development in information retrieval},
  pages={50--57},
  year={1999},
  organization={ACM},
  doi={10.1145/312624.312649}
}

%ldadef1
@article{blei2003latent,
  title={Latent dirichlet allocation},
  author={Blei, David M and Ng, Andrew Y and Jordan, Michael I},
  journal={the Journal of machine Learning research},
  volume={3},
  pages={993--1022},
  year={2003},
  publisher={JMLR. org}
}

%artmdef1
@inproceedings{vorontsov2014additive,
  title={Additive regularization for topic models of text collections},
  author={Vorontsov, KV},
  booktitle={Doklady Mathematics},
  volume={89},
  number={3},
  pages={301--304},
  year={2014},
  organization={Citeseer},
  doi={10.1134/S1064562414020185}
}

%artmdef2
@incollection{vorontsov2014tutorial,
  title={Tutorial on probabilistic topic modeling: additive regularization for stochastic matrix factorization},
  author={Vorontsov, Konstantin and Potapenko, Anna},
  booktitle={Analysis of Images, Social networks and Texts},
  pages={29--46},
  year={2014},
  publisher={Springer},
  doi={10.1007/978-3-319-12580-0_3}
}

%artmdef3
@article{vorontsov2015additive,
  title={Additive regularization of topic models},
  author={Vorontsov, Konstantin and Potapenko, Anna},
  journal={Machine Learning},
  volume={101},
  number={1-3},
  pages={303--323},
  year={2015},
  publisher={Springer},
  doi={10.1007/s10994-014-5476-6}
}

%wuem
@article{wu1983convergence,
  title={On the convergence properties of the EM algorithm},
  author={Wu, CF Jeff},
  journal={The Annals of statistics},
  pages={95--103},
  year={1983},
  publisher={JSTOR},
  doi={10.1214/aos/1176346060}
}

%pinsker
@article{topsoe2000some,
  title={Some inequalities for information divergence and related measures of discrimination},
  author={Tops{\o}e, Flemming},
  journal={Information Theory, IEEE Transactions on},
  volume={46},
  number={4},
  pages={1602--1609},
  year={2000},
  publisher={IEEE},
  doi={10.1109/18.850703}
}

%inforetr
@inproceedings{andrzejewski2011latent,
  title={Latent topic feedback for information retrieval},
  author={Andrzejewski, David and Buttler, David},
  booktitle={Proceedings of the 17th ACM SIGKDD international conference on Knowledge discovery and data mining},
  pages={600--608},
  year={2011},
  organization={ACM},
  doi={10.1145/2020408.2020503}
}

%inforetrtm1
@article{blei2007correlated,
  title={A correlated topic model of science},
  author={Blei, David M and Lafferty, John D},
  journal={The Annals of Applied Statistics},
  pages={17--35},
  year={2007},
  publisher={JSTOR},
  doi={10.1214/07-AOAS114}
}

%inforetrtm2
@incollection{bolelli2009topic,
  title={Topic and trend detection in text collections using latent dirichlet allocation},
  author={Bolelli, Levent and Ertekin, {\c{S}}eyda and Giles, C Lee},
  booktitle={Advances in Information Retrieval},
  pages={776--780},
  year={2009},
  publisher={Springer},
  doi={10.1007/978-3-642-00958-7_84}
}

%textflow1
@article{cui2011textflow,
  title={Textflow: Towards better understanding of evolving topics in text},
  author={Cui, Weiwei and Liu, Shixia and Tan, Li and Shi, Conglei and Song, Yangqiu and Gao, Zekai J and Qu, Huamin and Tong, Xin},
  journal={Visualization and Computer Graphics, IEEE Transactions on},
  volume={17},
  number={12},
  pages={2412--2421},
  year={2011},
  publisher={IEEE},
  doi={10.1109/TVCG.2011.239}
}

%textflow2
@inproceedings{zhang2010evolutionary,
  title={Evolutionary hierarchical dirichlet processes for multiple correlated time-varying corpora},
  author={Zhang, Jianwen and Song, Yangqiu and Zhang, Changshui and Liu, Shixia},
  booktitle={Proceedings of the 16th ACM SIGKDD international conference on Knowledge discovery and data mining},
  pages={1079--1088},
  year={2010},
  organization={ACM},
  doi={10.1145/1835804.1835940}
}

%multilang1
@article{vulic2013cross,
  title={Cross-language information retrieval models based on latent topic models trained with document-aligned comparable corpora},
  author={Vuli{\'c}, Ivan and De Smet, Wim and Moens, Marie-Francine},
  journal={Information Retrieval},
  volume={16},
  number={3},
  pages={331--368},
  year={2013},
  publisher={Springer}
}

%multilang2
@inproceedings{wallach2009rethinking,
  title={Rethinking LDA: Why priors matter},
  author={Wallach, Hanna M and Mimno, David M and McCallum, Andrew},
  booktitle={Advances in neural information processing systems},
  pages={1973--1981},
  year={2009}
}

%socnet1
@incollection{varshney2014modeling,
  title={Modeling information diffusion in social networks using latent topic information},
  author={Varshney, Devesh and Kumar, Sandeep and Gupta, Vineet},
  booktitle={Intelligent Computing Theory},
  pages={137--148},
  year={2014},
  publisher={Springer},
  doi={10.1007/978-3-319-09333-8_16}
}

%socnet2
@inproceedings{zhao2013originator,
  title={Originator or propagator?: incorporating social role theory into topic models for twitter content analysis},
  author={Zhao, Xin Wayne and Wang, Jinpeng and He, Yulan and Nie, Jian-Yun and Li, Xiaoming},
  booktitle={Proceedings of the 22nd ACM international conference on Conference on information \& knowledge management},
  pages={1649--1654},
  year={2013},
  organization={ACM},
  doi={10.1145/2505515.2505599}
}

%tmtask1
@article{rubin2012statistical,
  title={Statistical topic models for multi-label document classification},
  author={Rubin, Timothy N and Chambers, America and Smyth, Padhraic and Steyvers, Mark},
  journal={Machine learning},
  volume={88},
  number={1-2},
  pages={157--208},
  year={2012},
  publisher={Springer},
  doi={10.1007/s10994-011-5272-5}
}

%tmtask2
@article{zhou2009text,
  title={Text categorization based on topic model},
  author={Zhou, Shibin and Li, Kan and Liu, Yushu},
  journal={International Journal of Computational Intelligence Systems},
  volume={2},
  number={4},
  pages={398--409},
  year={2009},
  publisher={Taylor \& Francis},
  doi={10.2991/ijcis.2009.2.4.8}
}

%segtask
@inproceedings{wang2011structural,
  title={Structural topic model for latent topical structure analysis},
  author={Wang, Hongning and Zhang, Duo and Zhai, ChengXiang},
  booktitle={Proceedings of the 49th Annual Meeting of the Association for Computational Linguistics: Human Language Technologies-Volume 1},
  pages={1526--1535},
  year={2011},
  organization={Association for Computational Linguistics}
}

%recsys1
@article{yin2015modeling,
  title={Modeling location-based user rating profiles for personalized recommendation},
  author={Yin, Hongzhi and Cui, Bin and Chen, Ling and Hu, Zhiting and Zhang, Chengqi},
  journal={ACM Transactions on Knowledge Discovery from Data (TKDD)},
  volume={9},
  number={3},
  pages={19},
  year={2015},
  publisher={ACM},
  doi={10.1145/2663356}
}

%recsys2
@article{yin2014lcars,
  title={LCARS: A spatial item recommender system},
  author={Yin, Hongzhi and Cui, Bin and Sun, Yizhou and Hu, Zhiting and Chen, Ling},
  journal={ACM Transactions on Information Systems (TOIS)},
  volume={32},
  number={3},
  pages={11},
  year={2014},
  publisher={ACM},
  doi={10.1145/2629461}
}

%plsaminus
@article{daud2010knowledge,
  title={Knowledge discovery through directed probabilistic topic models: a survey},
  author={Daud, Ali and Li, Juanzi and Zhou, Lizhu and Muhammad, Faqir},
  journal={Frontiers of computer science in China},
  volume={4},
  number={2},
  pages={280--301},
  year={2010},
  publisher={Springer},
  doi={10.1007/s11704-009-0062-y}
}

%connect1
@article{cohn2001missing,
  title={The missing link-a probabilistic model of document content and hypertext connectivity},
  author={Cohn, David and Hofmann, Thomas},
  journal={Advances in neural information processing systems},
  pages={430--436},
  year={2001},
  publisher={MIT; 1998}
}

%connect2
@article{mccallum2005author,
  title={The author-recipient-topic model for topic and role discovery in social networks: Experiments with enron and academic email},
  author={McCallum, Andrew and Corrada-Emmanuel, Andr{\'e}s and Wang, Xuerui},
  year={2005}
}

%connect3
@inproceedings{nallapati2008link,
  title={Link-PLSA-LDA: A New Unsupervised Model for Topics and Influence of Blogs},
  author={Nallapati, Ramesh and Cohen, William W},
  booktitle={ICWSM},
  year={2008}
}

%metadata
@inproceedings{steyvers2004probabilistic,
  title={Probabilistic author-topic models for information discovery},
  author={Steyvers, Mark and Smyth, Padhraic and Rosen-Zvi, Michal and Griffiths, Thomas},
  booktitle={Proceedings of the tenth ACM SIGKDD international conference on Knowledge discovery and data mining},
  pages={306--315},
  year={2004},
  organization={ACM},
  doi={10.1145/1014052.1014087}
}

%order1
@inproceedings{gruber2007hidden,
  title={Hidden topic Markov models},
  author={Gruber, Amit and Weiss, Yair and Rosen-Zvi, Michal},
  booktitle={International conference on artificial intelligence and statistics},
  pages={163--170},
  year={2007}
}

%order2
@inproceedings{wallach2006topic,
  title={Topic modeling: beyond bag-of-words},
  author={Wallach, Hanna M},
  booktitle={Proceedings of the 23rd international conference on Machine learning},
  pages={977--984},
  year={2006},
  organization={ACM},
  doi={10.1145/1143844.1143967}
}

%baseem
@article{bilmes1998gentle,
  title={A gentle tutorial of the EM algorithm and its application to parameter estimation for Gaussian mixture and hidden Markov models},
  author={Bilmes, Jeff A and others},
  journal={International Computer Science Institute},
  volume={4},
  number={510},
  pages={126},
  year={1998}
}

%basevar
@article{jordan1999introduction,
  title={An introduction to variational methods for graphical models},
  author={Jordan, Michael I and Ghahramani, Zoubin and Jaakkola, Tommi S and Saul, Lawrence K},
  journal={Machine learning},
  volume={37},
  number={2},
  pages={183--233},
  year={1999},
  publisher={Springer},
  doi={10.1007/978-94-011-5014-9_5}
}

%mcmc1
@article{gilks1996introducing,
  title={Introducing markov chain monte carlo},
  author={Gilks, Walter R and Richardson, Sylvia and Spiegelhalter, David J},
  journal={Markov chain Monte Carlo in practice},
  volume={1},
  pages={19},
  year={1996},
  publisher={London: Chapman and Hall}
}

%mcmc2
@article{andrieu2003introduction,
  title={An introduction to MCMC for machine learning},
  author={Andrieu, Christophe and De Freitas, Nando and Doucet, Arnaud and Jordan, Michael I},
  journal={Machine learning},
  volume={50},
  number={1-2},
  pages={5--43},
  year={2003},
  publisher={Springer}
}

%gibbs
@article{griffiths2004finding,
  title={Finding scientific topics},
  author={Griffiths, Thomas L and Steyvers, Mark},
  journal={Proceedings of the National Academy of Sciences},
  volume={101},
  number={suppl 1},
  pages={5228--5235},
  year={2004},
  publisher={National Acad Sciences},
  doi={10.1073/pnas.0307752101}
}

%basegem
@article{dempster1977maximum,
  title={Maximum likelihood from incomplete data via the EM algorithm},
  author={Dempster, Arthur P and Laird, Nan M and Rubin, Donald B},
  journal={Journal of the royal statistical society. Series B (methodological)},
  pages={1--38},
  year={1977},
  publisher={JSTOR}
}