@ARTICLE{plsadef1,
	author=''Scott Deerwester, Susan T. Dumais, George W. Furnas, Thomas K. Landauer, Richard Harshman'',
	title=''Indexing by Latent Semantic Analysis''
	journal=''JASIS''
	year=''1990''
}

@ARTICLE{plsadef2
	author=''Thomas Hofmann'',
	title='' Probilistic latent semantic analysis'', 
	journal=''Proceedings of the Twenty-Second Annual International SIGIR Conference on Research and Development in Information Retrieval'', 
	year="1999''
}

@ARTICLE{ldadef1
	author=''David M. Blei, Andrew Ng, Michael Jordan'',
	title='' Latent Dirichlet allocation'', 
	journal="Journal of Machine Learning Research'',  
	year="2003''
}

@ARTICLE{artmdef1
	author=''Vorontsov K. V.'',
	title='' Additive Regularization for Topic Models of Text Collections'', 
	journal="Doklady Mathematics'', 
	year="2014''
}

@ARTICLE{artmdef2
	author=''Vorontsov K. V., Potapenko A. A.'',
	title='' Tutorial on Probabilistic Topic Modeling: Additive Regularization for Stochastic Matrix Factorization,  
	journal=''AIST’2014, Analysis of Images, Social networks and Texts. Springer International Publishing Switzerland'', 
	year="2014''
}

@ARTICLE{artmdef3
	author=''Vorontsov K. V., Potapenko A. A.'',
	title='' Additive Regularization of Topic Models'', 
	journal="Machine Learning Journa''l,
	year="2014''
}

@ARTICLE{ldaonline1
	author=''Hoffman M. D., Blei D. M., Bach F. R.'',
	title='' Online learning for latent dirichlet allocation'',
	journal="NIPS'', 
	year="2010''
}

@ARTICLE{wuem
	author=''C. F. Jeff Wu'',
	title='' On the Convergence Properties of the EM Algorithm'', 
	journal="The Annals of Statistics'', 
	year="1983''
}

@ARTICLE{pinsker
	author=''F. Topsøe'',
	title='' Some inequalities for information divergence and related measures of discrimination'',
	journal=" IEEE Transactions on Information Theory'',
	year="2000''
}

@ARTICLE{inforetr
	author=''Andrzejewski D., Buttler D.'',
	title='' Latent topic feedback for information retrieval'', 
	journal="Proceedings of the 17th ACM SIGKDD International Conference on Knowledge Discovery and Data Mining'', 
	year="2011''
}

@ARTICLE{inforetrtm1
	author=''Blei D., Lafferty J.'',
	title='' A correlated topic model of Science'', 
	journal="Annals of Applied Statistics'', 
	year="2007''
}

@ARTICLE{inforetrtm2
	author=''Bolelli L., Ertekin S., Giles C. L.'',
	title='' Topic and trend detection in text collections using latent dirichlet allocation'', 
	journal="ECIR'', 
	year="2009''
}

@ARTICLE{textflow1
	author=''W. Cui, S. Liu, L. Tan, C. Shi, Y. Song, Z. Gao, H. Qu, X. Tong'',
	title='' TextFlow: Towards better understanding of evolving topics in text, 
	journal="IEEE transactions on visualization and computer graphics'', 
	year="2011''
}

@ARTICLE{textflow2
	author=''Zhang J., Song Y., Zhang C., Liu S.'',
	title='' Evolutionary hierarchical Dirichlet processes for multiple correlated time-varying corpora'', 
	journal="Proceedings of the 16th ACM SIGKDD international conference on Knowledge discovery and data mining'', 
	year="2010''
}

@ARTICLE{multilang1
	author=''Vuli´c I., Smet W., Moens M.-F.'',
	title='' Cross-language information retrieval models based on latent topic models trained with document-aligned comparable corpora'', 
	journal="Information Retrieva'', 
	year="2012''
}

@ARTICLE{multilang2
	author=''Wallach H., Mimno D., McCallum A.'',
	title='' Rethinking LDA: Why priors matter'', 
	journal="Advances in Neural Information Processing Systems 22: 23rd Annual Conference on Neural Information Processing Systems'', 
	year="2009''
}

@ARTICLE{socnet1
	author=''Varshney D., Kumar S., Gupta V.'',
	title='' Modeling information diffusion in social networks using latent topic information'',  
	journal="Springer International Publishing'', 
	year="2014''
}

@ARTICLE{socnet2
	author=''Zhao X. W., Wang J., He Y., Nie J.-Y., Li X.'',
	title='' Originator or propagator?: Incorporating social role
theory into topic models for Twitter content analysis'', 
	journal="CIKM'', 
	year="2013''
}

@ARTICLE{tmtask1
	author=''Rubin T. N., Chambers A., Smyth P., Steyvers M.'',
	title='' Statistical topic models for multi-label document classification'', 
	journal="Machine Learning'', 
	year="2012''
}

@ARTICLE{tmtask2
	author=''Zhou S., Li K., Liu Y.'',
	title='' Text categorization based on topic model'',
	journal=" International Journal of Computational Intelligence Systems'',  
	year="2009''
}

@ARTICLE{segtask
	author=''Wang H., Zhang D., Zhai C.'',
	title='' Structural topic model for latent topical structure analysis'', 
	journal="Proceedings of the 49th Annual Meeting of the Association for Computational Linguistics: Human Language Technologies'', 
	year="2011''
}

@ARTICLE{recsys1
	author=''Yin H., Cui B., Chen L., Hu Z., Zhang C.'',
	title='' Modeling location-based user rating profiles for personalized recommendation'',
	journal=" ACM Transactions of Knowledge Discovery from Data'', 
	year="2015''
}

@ARTICLE{recsys2
	author=''Yin H., Cui B., Sun Y., Hu Z., Chen L.'',
	title='' Lcars: A spatial item recommender system'', 
	journal="ACM Transaction on Information Systems'',  
	year="2014''
}

@ARTICLE{plsaminus
	author=''Ali Daud, Juanzi Li, Lizhu Zhou, Faqir Muhammad'',
	title='' Knowledge discovery through directed probabilistic topic models: a survey'', 
	journal="Frontiers of Computer Science in China'', 
	year="2010''
}
		
@ARTICLE{connect1
	author='' Cohn D, Hofmann T.'',
	title='' The missing link- a probabilistic model of document content and hypertext connectivity'',
	journal=" NIPS'', 
	year="2001''
}

@ARTICLE{connect2
	author=''McCallum A, Corrada-Emmanuel A, Wang X. '',
	title=''The author-recipient- topic Model for Topic and Role Discovery in Social Networks: Experiments with Enron and Academic Email'', 
	journal="Technical Report UM-CS-2004-096'', 
	year="2004''
}

@ARTICLE{connect3
	author=''Nallapati R, Cohen W. '',
	title=''Link-PLSA-LDA: A new unsupervised model for topics and influence of blogs'', 
	journal="Proceedings of International Conference for Weblogs and Social Media'',
	year="2008''
}

@ARTICLE{metadata
	author=''Steyvers M, Smyth P, Rosen-Zvi M, Griffiths T.'',
	title='' Probabilistic author-topic models for information discovery'', 
	journal="Proceedings of the 10th ACM SIGKDD International Conference on Knowledge Discovery and Data Mining'', 
	year="2004''
}


@ARTICLE{order1
	author=''Gruber A, Rosen-Zvi M, Weiss Y.'',
	title='' Hidden topic Markov models'',
	journal=" Proceedings of Artificial Intelligence and Statistics'', 
	year="2007''
}

@ARTICLE{order2
	author=''Wallach J M.'',
	title='' Topic modeling: Beyond bag of words'', 
	journal=''Proceedings of 23rd International Conference on Machine Learning'', 
	year="2006''
}

@ARTICLE{baseem
	author=''Bilmes J A.'',
	title='' A gentle tutorial of the EM algorithm and its application to parameter estimation for Gaussian mixture and hidden Markov modals'', 
	journal="ICSI TR-97-021'', 
	year="1997''
}

@ARTICLE{basevar
	author=''Jordan M I, Ghahramani Z, Jaakkola T S, Saul L K.'',
	title='' An introduction to variational methods for graphical models. Learning in Graphical Models'', 
	journal="MIT Press'', 
	year="1998''
}

@ARTICLE{mcmc1
	author=''Gilks W R, Richardson S, Spiegelhalter D J.'',
	title='' Markov Chain Monte Carlo in Practice'',
	journal="London: Chapman  Hall'', 
	year="1996''
}

@ARTICLE{mcmc2
	author=''Andrieu C, Freitas N D, Doucet A, Jordan M.'',
	title='' An introduction to MCMC for machine learning'', 
	journal="Journal of Machine Learning'', 
	year="2003''
}

@ARTICLE{gibbs
	author=''Steyvers M., Griffiths T.'',
	title='' Finding scientific topics'',
	journal=" Proceedings of the National Academy of Sciences'',  
	year="2004''
}

@ARTICLE{basegem
	author=''Dempster A. P., Laird N. M. and Rubin D. B.'',
	title='' Maximum likelihood from incomplete data via the EM algorithm (with discussion)'',
	journal="J. Roy. Statist. Soc.Ser''.
	year="1977''
}