@article{plsadef1,
author="Scott Deerwester and Susan T. Dumais and George W. Furnas and Thomas K. Landauer and Richard Harshman",
title="Indexing by Latent Semantic Analysis",
journal="JASIS",
year="1990"
}

@article{plsadef2,
author="Thomas Hofmann",
title="Probilistic latent semantic analysis",
journal="SIGIR",
year="1999"
}

@article{ldadef1,
author="David Blei and Andrew Ng and Michael Jordan",
title="Latent Dirichlet allocation",
journal="Journal of Machine Learning Research",
year="2003"
}

@article{artmdef1,
author="K. V. Vorontsov",
title="Additive Regularization for Topic Models of Text Collections",
journal="Doklady Mathematics",
year="2014"
}

@article{artmdef2,
author="K. V. Vorontsov and A. A. Potapenko",
title="Tutorial on Probabilistic Topic Modeling: Additive Regularization for Stochastic Matrix Factorization",
journal="AISTâ€™2014 and Analysis of Images and Social networks and Texts",
year="2014"
}

@article{artmdef3,
author="K. V. Vorontsov and A. A. Potapenko.",
title="Additive Regularization of Topic Models",
journal="Machine Learning Journal",
year="2014"
}

@article{ldaonline1,
author="M. D. Hoffman and D. M. Blei and F. R. Bach",
title="Online learning for latent dirichlet allocation",
journal="NIPS",
year="2010"
}

@article{wuem,
author="C. F. Jeff Wu",
title="On the Convergence Properties of the EM Algorithm",
journal="The Annals of Statistics",
year="1983"
}

@article{pinsker,
author="F. Topsoe",
title="Some inequalities for information divergence and related measures of discrimination",
journal="IEEE Transactions on Information Theory",
year="2000"
}

@article{inforetr,
author="D. Andrzejewski and D. Buttler",
title="Latent topic feedback for information retrieval",
journal="Proceedings of the 17th ACM SIGKDD International Conference on Knowledge Discovery and Data Mining",
year="2011"
}

@article{inforetrtm1,
author="D. Bleiand and J. Lafferty",
title="A correlated topic model of Science",
journal="Annals of Applied Statistics",
year="2007"
}

@article{inforetrtm2,
author="L. Bolelli and S. Ertekin and C. L. Giles",
title="Topic and trend detection in text collections using latent dirichlet allocation",
journal="ECIR",
year="2009"
}

@article{textflow1,
author="W. Cui and S. Liu and L Tan and C. Shi and Y. Song and Z. Gao and H. Qu and X. Tong",
title="TextFlow: Towards better understanding of evolving topics in text",
journal="IEEE transactions on visualization and computer graphics",
year="2011"
}

@article{textflow2,
author="J. Zhang and Y. Song and C. Zhang and S. Liu",
title="Evolutionary hierarchical Dirichlet processes for multiple correlated time-varying corpora",
journal="Proceedings of the 16th ACM SIGKDD international conference on Knowledge discovery and data mining",
year="2010"
}

@article{multilang1,
author="I. Vulic and W. Smet and M. F. Moens",
title="Cross-language information retrieval models based on latent topic models trained with document-aligned comparable corpora",
journal="Information Retrieva",
year="2012"
}

@article{multilang2,
author="H. Wallach and D. Mimno and A. McCallum",
title="Rethinking LDA: Why priors matter",
journal="Advances in Neural Information Processing Systems 22: 23rd Annual Conference on Neural Information Processing Systems",
year="2009"
}

@article{socnet1,
author="D. Varshney and S. Kumar and V. Gupta",
title="Modeling information diffusion in social networks using latent topic information",
journal="Springer International Publishing",
year="2014"
}

@article{socnet2,
author="X. W. Zhao and J. Wang and Y. He and J. Y. Nie and X. Li",
title="Originator or propagator?: Incorporating social role
theory into topic models for Twitter content analysis",
journal="CIKM",
year="2013"
}

@article{tmtask1,
author="T. N. Rubin and A. Chambers and P. Smyth and M. Steyvers",
title="Statistical topic models for multi-label document classification",
journal="Machine Learning",
year="2012"
}

@article{tmtask2,
author="S. Zhou and K. Li and Y. Liu",
title="Text categorization based on topic model",
journal="International Journal of Computational Intelligence Systems",
year="2009"
}

@article{segtask,
author="H. Wang and D. Zhang and C. Zhai",
title="Structural topic model for latent topical structure analysis",
journal="Proceedings of the 49th Annual Meeting of the Association for Computational Linguistics: Human Language Technologies",
year="2011"
}

@article{recsys1,
author="H. Yin and B. Cui and L. Chen and Z. Hu and C. Zhang",
title=" Modeling location-based user rating profiles for personalized recommendation",
journal="ACM Transactions of Knowledge Discovery from Data",
year="2015"
}

@article{recsys2,
author="H. Yin and B. Cui and Y. Sun and Z. Hu and L. Chen",
title="Lcars: A spatial item recommender system",
journal="ACM Transaction on Information Systems",
year="2014"
}

@article{plsaminus,
author="Ali Daud and Juanzi Li and Lizhu Zhou and Faqir Muhammad",
title="Knowledge discovery through directed probabilistic topic models: a survey",
journal="Frontiers of Computer Science in China",
year="2010"
}

@article{connect1,
author="D. Cohn and T. Hofmann",
title="The missing link --- a probabilistic model of document content and hypertext connectivity",
journal=" NIPS",
year="2001"
}

@article{connect2,
author="A. McCallum and A. Corrada-Emmanuel and X. Wang",
title="The author recipient topic Model for Topic and
Role Discovery in Social Networks:
Experiments with Enron and Academic Email",
journal="Technical Report UM CS 2004 096",
year="2004"
}

@article{connect3,
author="R. Nallapati and W. Cohen",
title="Link-PLSA-LDA: A new unsupervised model for topics and influence of blogs",
journal="Proceedings of International Conference for Weblogs and Social Media",
year="2008"
}

@article{metadata,
author="M. Steyvers and P. Smyth and M. Rosen-Zvi and T. Griffiths",
title="Probabilistic author-topic models for information discovery",
journal="Proceedings of the 10th ACM SIGKDD International Conference on Knowledge Discovery and Data Mining",
year="2004"
}


@article{order1,
author="A. Gruber and M. Rosen-Zvi and Y. Weiss",
title="Hidden topic Markov models",
journal=" Proceedings of Artificial Intelligence and Statistics",
year="2007"
}

@article{order2,
author="J. M. Wallach",
title="Beyond bag~of~words ",
journal="Proceedings of 23 rd International
Conference on Machine Learning",
year="2006"
}

@article{baseem,
author="J. A. Bilmes",
title="A gentle tutorial of the EM algorithm and its application to parameter estimation for Gaussian mixture and hidden Markov modals",
journal="ICSI TR-97-021",
year="1997"
}

@article{basevar,
author="M. I. Jordan and Z. Ghahramani and T. S. Jaakkola and L. K. Saul",
title="An introduction to variational methods for graphical models. Learning in Graphical Models",
journal="MIT Press",
year="1998"
}

@article{mcmc1,
author="W. R. Gilks and S. Richardson and D. J. Spiegelhalter",
title="Markov Chain Monte Carlo in Practice",
journal="London: Chapman  Hall",
year="1996"
}

@article{mcmc2,
author="C. Andrieu and N. D. Freitas and A. Doucet and M. Jordan",
title="An introduction to MCMC for machine learning",
journal="Journal of Machine Learning",
year="2003"
}

@article{gibbs,
author="M. Steyvers and T. Griffiths",
title="Finding scientific topics",
journal=" Proceedings of the National Academy of Sciences",
year="2004"
}

@article{basegem,
author="A. P. Dempster and N. M. Laird and D. B. Rubin",
title="Maximum likelihood from incomplete data via the EM algorithm (with discussion)",
journal="J. Roy. Statist. Soc.Ser",
year="1977"
}